\begin{thebibliography}{9}
@misc{0,
    title = {Brute-force},
    author = {Wikipedia},
    howpublished = {\url{https://en.wikipedia.org/wiki/Brute-force_attack}},
} 
@misc{1,
    title = {Brute-force},
    author = {Imperva},
    howpublished = {\url{https://www.imperva.com/learn/application-security/brute-force-attack/}},
} 
@misc{2,
    title = {Brute-force},
    author = {Forcepoint},
    howpublished = {\url{https://www.forcepoint.com/cyber-edu/brute-force-attack}},
} 
@misc{3,
    title = {Brute-force},
    author = {Varonis},
    howpublished = {\url{https://www.varonis.com/blog/brute-force-attack/}},
} 
@misc{4,
    title = {Substitution cipher},
    author = {Wikipedia},
    howpublished = {\url{https://en.wikipedia.org/wiki/Substitution_cipher}},
} 
@misc{5,
    title = {Substitution cipher},
    author = {PracticalCryptography},
    howpublished = {\url{http://practicalcryptography.com/ciphers/substitution-category/}},
} 
@misc{6,
    title = {Substitution cipher},
    author = {IncludeHelp},
    howpublished = {\url{https://www.includehelp.com/cryptography/substitution-techniques.aspx}},
} 

\end{thebibliography}